@article{Cartis2019,
  doi = {10.1007/s12532-019-00161-7},
  url = {https://doi.org/10.1007/s12532-019-00161-7},
  year = {2019},
  month = may,
  publisher = {Springer Science and Business Media {LLC}},
  volume = {11},
  number = {4},
  pages = {631--674},
  author = {Coralia Cartis and Lindon Roberts},
  title = {A derivative-free Gauss{\textendash}Newton method},
  journal = {Mathematical Programming Computation}
}

@article{Mor2009,
  doi = {10.1137/080724083},
  url = {https://doi.org/10.1137/080724083},
  year = {2009},
  month = jan,
  publisher = {Society for Industrial {\&} Applied Mathematics ({SIAM})},
  volume = {20},
  number = {1},
  pages = {172--191},
  author = {Jorge J. Mor{\'{e}} and Stefan M. Wild},
  title = {Benchmarking Derivative-Free Optimization Algorithms},
  journal = {{SIAM} Journal on Optimization}
}

@InCollection{SWCHAP14,
  author    = {Stefan M. Wild},
  booktitle = {Advances and Trends in Optimization with Engineering Applications},
  title     = {Solving Derivative-Free Nonlinear Least Squares Problems with {POUNDERS}},
  doi       = {10.1137/1.9781611974683.ch40},
  editor    = {Tamas Terlaky and Miguel F. Anjos and Shabbir Ahmed},
  pages     = {529--540},
  publisher = {SIAM},
  aisbn     = {978-1-611974-67-6},
  anumber   = {ANL/MCS-P5120-0414},
  aurl      = {http://www.mcs.anl.gov/papers/P5120-0414.pdf},
  gurl      = {https://scholar.google.com/scholar?cluster=13543367487516072495},
  year      = {2017},
}
@Techreport{PowellBobyqa,
author = {Powell, M.},
year = {2009},
month = {01},
pages = {},
number={DAMTP 2009/NA06},
title = {The BOBYQA Algorithm for Bound Constrained Optimization without Derivatives},
institution = {Centre for Mathematical Sciences, University of Cambridge}
}
